

@book{Baker:2001,
	address = {College Park, MD},
	author = {Baker, Frank B},
	edition = {Second},
	publisher = {ERIC Clearinghouse on Assessment and Evaluation},
	title = {The Basics of Item Response Theory},
	year = {2001}}

@article{BradleyEtAl:1952,
	author = {Ralph Allan Bradley and Milton E. Terry},
	journal = {Biometrika},
	number = {3/4},
	pages = {324--345},
	title = {Rank Analysis of Incomplete Block Designs: I. The Method of Paired Comparisons},
	volume = {39},
	year = {1952}}

@book{ClarkEtAl:1991,
	author = {Clark, John and Holton, Derek Allan},
	publisher = {World Scientific Publishing Co., Inc., Teaneck, NJ},
	title = {A first look at graph theory},
	year = {1991}}

@book{CormenEtAl:2022,
	address = {Cambridge, MA},
	author = {Cormen, Thomas H and Leiserson, Charles E and Rivest, Ronald L and Stein, Clifford},
	edition = {Fourth},
	month = {April},
	publisher = {MIT Press},
	title = {Introduction to Algorithms},
	year = {2022}}

@article{Elo:1967,
	author = {Elo, Arpad E.},
	journal = {Chess Life},
	month = {August},
	number = {8},
	pages = {242-247},
	title = {The Proposed USCF Rating System, Its Development, Theory, and Applications},
	volume = {XXII},
	year = {1967}}

@article{HamiltonEtAl:2023,
	author = {Ian Hamilton and Nick Tawn and David Firth},
	journal = {arXiv e-prints},
	month = {12},
	number = {2312.13619},
	title = {The many routes to the ubiquitous Bradley-Terry model},
	year = {2023}}

@book{Rasch:1960,
	author = {Rasch, Georg},
	publisher = {Danish Institute for Educational Research},
	title = {Probabilistic models for some intelligence and attainment tests.},
	year = {1960}}
